<record><leader>00000cas a2200000 a 4500</leader><controlfield tag="001">11530124</controlfield><controlfield tag="008">841228d19531960ksuwr ne      0   a0eng d</controlfield><controlfield tag="009">3789</controlfield><datafield ind1=" " ind2=" " tag="010"><subfield code="a">sn 84030378 </subfield></datafield><datafield ind1=" " ind2=" " tag="040"><subfield code="a">KSH</subfield><subfield code="b">eng</subfield><subfield code="c">KSH</subfield><subfield code="d">NPT</subfield><subfield code="d">DLC</subfield><subfield code="d">OCL</subfield></datafield><datafield ind1=" " ind2=" " tag="042"><subfield code="a">msc</subfield></datafield><datafield ind1="0" ind2="4" tag="245"><subfield code="a">The Harper advocate and the Harper news.</subfield></datafield><datafield ind1=" " ind2=" " tag="260"><subfield code="a">Harper, Kan. :</subfield><subfield code="b">Bert. C. Carlyle,</subfield><subfield code="c">1953-1960.</subfield></datafield><datafield ind1=" " ind2=" " tag="300"><subfield code="a">6 v. :</subfield><subfield code="b">ill. ;</subfield><subfield code="c">55 cm.</subfield></datafield><datafield ind1=" " ind2=" " tag="310"><subfield code="a">Weekly</subfield></datafield><datafield ind1="0" ind2=" " tag="362"><subfield code="a">Vol. 67, no. 23 (June 4, 1953)-v. 73, no. 1 (Jan. 7, 1960).</subfield></datafield><datafield ind1=" " ind2=" " tag="500"><subfield code="a">Published by Robert N. Bolitho, Nov. 7, 1957-Jan. 7, 1960.</subfield></datafield><datafield ind1=" " ind2=" " tag="752"><subfield code="a">United States</subfield><subfield code="b">Kansas</subfield><subfield code="c">Harper</subfield><subfield code="d">Harper.</subfield></datafield><datafield ind1="0" ind2="4" tag="780"><subfield code="t">Harper advocate (Harper, Kan. : 1898)</subfield><subfield code="w">(DLC)sn 84030422</subfield></datafield><datafield ind1="0" ind2="4" tag="780"><subfield code="t">Harper news</subfield><subfield code="w">(DLC)sn 84030421</subfield></datafield><datafield ind1="0" ind2="5" tag="780"><subfield code="t">Norwich herald</subfield><subfield code="g">Aug. 12, 1954</subfield><subfield code="w">(DLC)sn 85030051</subfield></datafield><datafield ind1="0" ind2="0" tag="785"><subfield code="t">Harper advocate (Harper, Kan. : 1960)</subfield><subfield code="w">(DLC)sn 84030404</subfield></datafield></record>